<record><leader>00000cas a22000007a 4500</leader><controlfield tag="001">13676177</controlfield><controlfield tag="008">860602d19651982wiuwr ne      0    0eng d</controlfield><datafield ind1=" " ind2=" " tag="010"><subfield code="a">sn 86086237 </subfield></datafield><datafield ind1=" " ind2=" " tag="040"><subfield code="a">NPV</subfield><subfield code="b">eng</subfield><subfield code="c">NPV</subfield><subfield code="d">OCLCQ</subfield></datafield><datafield ind1=" " ind2=" " tag="042"><subfield code="a">msc</subfield></datafield><datafield ind1=" " ind2=" " tag="045"><subfield code="a">x6x8</subfield></datafield><datafield ind1=" " ind2=" " tag="052"><subfield code="a">4123</subfield><subfield code="b">J8</subfield><subfield code="b">M7</subfield></datafield><datafield ind1="0" ind2="4" tag="245"><subfield code="a">The Elroy-Kendall-Wilton tribune-keystone.</subfield></datafield><datafield ind1="1" ind2="3" tag="246"><subfield code="a">Tribune-keystone</subfield></datafield><datafield ind1=" " ind2=" " tag="260"><subfield code="a">Elroy, Wis. :</subfield><subfield code="b">[s.n.],</subfield><subfield code="c">1965-1982.</subfield></datafield><datafield ind1=" " ind2=" " tag="300"><subfield code="a">19 v. :</subfield><subfield code="b">ill.</subfield></datafield><datafield ind1=" " ind2=" " tag="310"><subfield code="a">Weekly</subfield></datafield><datafield ind1="0" ind2=" " tag="362"><subfield code="a">Vol. 69, no. 40 (Jan. 14, 1965)-v. 88, no. 44 (Mar. 4, 1982).</subfield></datafield><datafield ind1=" " ind2=" " tag="500"><subfield code="a">Publisher varies.</subfield></datafield><datafield ind1=" " ind2=" " tag="500"><subfield code="a">Editor: P.J. Egan, Jan. 28, 1971-May 27, 1971.</subfield></datafield><datafield ind1=" " ind2=" " tag="525"><subfield code="a">Supplements accompany some issues.</subfield></datafield><datafield ind1=" " ind2=" " tag="530"><subfield code="a">Available on microfilm from the State Historical Society of Wisconsin.</subfield></datafield><datafield ind1=" " ind2=" " tag="752"><subfield code="a">United States</subfield><subfield code="b">Wisconsin</subfield><subfield code="c">Monroe</subfield><subfield code="d">Kendall.</subfield></datafield><datafield ind1=" " ind2=" " tag="752"><subfield code="a">United States</subfield><subfield code="b">Wisconsin</subfield><subfield code="c">Monroe</subfield><subfield code="d">Wilton.</subfield></datafield><datafield ind1=" " ind2=" " tag="752"><subfield code="a">United States</subfield><subfield code="b">Wisconsin</subfield><subfield code="c">Juneau</subfield><subfield code="d">Elroy.</subfield></datafield><datafield ind1="0" ind2="0" tag="780"><subfield code="t">Kendall &amp; Wilton keystone</subfield><subfield code="w">(DLC)sn 86086198</subfield></datafield><datafield ind1="0" ind2="0" tag="780"><subfield code="t">Elroy leader=tribune</subfield><subfield code="w">(DLC)sn 86086236</subfield></datafield><datafield ind1="0" ind2="0" tag="785"><subfield code="t">Tribune keystone</subfield><subfield code="w">(DLC)sn 86086238</subfield></datafield><datafield ind1="1" ind2=" " tag="029"><subfield code="a">AU@</subfield><subfield code="b">000025825511</subfield></datafield></record>